@ARTICLE{Penarrubia2016,
       author = {{Pe{\~n}arrubia}, Jorge and {G{\'o}mez}, Facundo A. and {Besla}, Gurtina and {Erkal}, Denis and {Ma}, Yin-Zhe},
        title = "{A timing constraint on the (total) mass of the Large Magellanic Cloud}",
      journal = {\mnras},
     keywords = {Galaxy: kinematics and dynamics, galaxies: evolution, Astrophysics - Astrophysics of Galaxies},
         year = 2016,
        month = feb,
       volume = {456},
       number = {1},
        pages = {L54-L58},
          doi = {10.1093/mnrasl/slv160},
archivePrefix = {arXiv},
       eprint = {1507.03594},
 primaryClass = {astro-ph.GA},
       adsurl = {https://ui.adsabs.harvard.edu/abs/2016MNRAS.456L..54P},
      adsnote = {Provided by the SAO/NASA Astrophysics Data System}
}

@MISC{Salvatier2016,
       author = {{Salvatier}, John and {Wiecki$\hat{\rm a}$}, Thomas V. and {Fonnesbeck}, Christopher},
        title = "{PyMC3: Python probabilistic programming framework}",
     keywords = {Software},
         year = 2016,
        month = oct,
          eid = {ascl:1610.016},
        pages = {ascl:1610.016},
archivePrefix = {ascl},
       eprint = {1610.016},
       adsurl = {https://ui.adsabs.harvard.edu/abs/2016ascl.soft10016S},
      adsnote = {Provided by the SAO/NASA Astrophysics Data System}
}



@ARTICLE{Petersen2021,
       author = {{Petersen}, Michael S. and {Pe{\~n}arrubia}, Jorge},
        title = "{Detection of the Milky Way reflex motion due to the Large Magellanic Cloud infall}",
      journal = {Nature Astronomy},
     keywords = {Astrophysics - Astrophysics of Galaxies},
         year = 2021,
        month = jan,
       volume = {5},
        pages = {251-255},
          doi = {10.1038/s41550-020-01254-3},
archivePrefix = {arXiv},
       eprint = {2011.10581},
 primaryClass = {astro-ph.GA},
       adsurl = {https://ui.adsabs.harvard.edu/abs/2021NatAs...5..251P},
      adsnote = {Provided by the SAO/NASA Astrophysics Data System}
}

